<?xml version="1.0" encoding="UTF-8"?><collection xmlns="http://www.loc.gov/MARC21/slim"><record><leader>00566nam--2200181-i-4500</leader><controlfield tag="001">000033801</controlfield><controlfield tag="002">20161230</controlfield><controlfield tag="005">20161230201039</controlfield><controlfield tag="008">060222s1000------------r-----000-0-eng-d</controlfield><datafield ind1=" " ind2=" " tag="040"><subfield code="a">IFIN-HH</subfield></datafield><datafield ind1=" " ind2=" " tag="080"><subfield code="a">62(038)=002=30=850:801.323.2=30=850</subfield></datafield><datafield ind1="1" ind2=" " tag="100"><subfield code="a">Kucery, A</subfield></datafield><datafield ind1="1" ind2="0" tag="245"><subfield code="a">Nemecko-cesky technicky slovnik</subfield><subfield code="b">Deutsch-tschechisches technisches worterbuch</subfield><subfield code="c">A. kucery, z. jouklove (eds.)</subfield></datafield><datafield ind1=" " ind2=" " tag="260"><subfield code="a">Praha</subfield><subfield code="b">Statni Nakladatelstvi Technicke Literatury</subfield><subfield code="c">1962</subfield></datafield><datafield ind1=" " ind2=" " tag="300"><subfield code="a">989P</subfield></datafield><datafield ind1="1" ind2=" " tag="700"><subfield code="a">Jouklove, Z</subfield><subfield code="e">Ed</subfield></datafield><datafield ind1=" " ind2=" " tag="852"><subfield code="a">D.300</subfield><subfield code="c">SLT</subfield></datafield><datafield ind1=" " ind2=" " tag="CAT"><subfield code="a">Sys</subfield><subfield code="c">20130220</subfield><subfield code="h">162406</subfield></datafield></record></collection>